@preamble{ "\newcommand{\noopsort}[1]{} "
  # "\newcommand{\printfirst}[2]{#1} "
  # "\newcommand{\singleletter}[1]{#1} "
  # "\newcommand{\switchargs}[2]{#2#1} " }

@article{eupulsed,
  title={{Systems code studies on the optimization of design parameters for a pulsed DEMO tokamak reactor}},
  author={Biel, W and Beckers, M and Kemp, R and Wenninger, R and Zohm, H},
  journal={Fusion Engineering and Design},
  volume={123},
  pages={206--211},
  year={2017},
  publisher={Elsevier}
}

@article{eupulsed_2,
  title={{Overview of the design approach and prioritization of R\&D activities towards an EU DEMO}},
  author={Federici, G and Bachmann, C and Biel, Wolfgang and Boccaccini, L and Cismondi, F and others},
  journal={Fusion Engineering and Design},
  volume={109},
  pages={1464--1474},
  year={2016},
  publisher={Elsevier}
}

@article{ussteady,
  title={{The ARIES advanced and conservative tokamak power plant study}},
  author={Kessel, CE and Tillack, MS and Najmabadi, F and Poli, FM and Ghantous, K and Gorelenkov, N and Wang, XR and others},
  journal={Fusion Science and Technology},
  volume={67},
  number={1},
  pages={1--21},
  year={2015},
  publisher={Taylor \& Francis}
}

@article{kstar,
  title={{The KSTAR project: An advanced steady state superconducting tokamak experiment}},
  author={Lee, GS and Kim, J and Hwang, SM and Chang, Choong-Seock and Chang, Hong-Young and Cho, MH and Choi, BH and Kim, K and Cho, KW and others},
  journal={Nuclear Fusion},
  volume={40},
  number={3Y},
  pages={575},
  year={2000},
  publisher={IOP Publishing}
}

@book{jeff,
  title={{Plasma physics and fusion energy}},
  author={Freidberg, Jeffrey P},
  year={2008},
  publisher={Cambridge university press}
}

@article{arc,
  title={{ARC: A compact, high-field, fusion nuclear science facility and demonstration power plant with demountable magnets}},
  author={Sorbom, BN and Ball, J and Palmer, TR and others},
  journal={Fusion Engineering and Design},
  volume={100},
  pages={378--405},
  year={2015},
  publisher={Elsevier}
}

@article{process,
  title={{"PROCESS": A systems code for fusion power plants---Part 1: Physics}},
  author={Kovari, M and Kemp, R and Lux, H and Knight, P and Morris, J and Ward, DJ},
  journal={Fusion Engineering and Design},
  volume={89},
  number={12},
  pages={3054--3069},
  year={2014},
  publisher={Elsevier}
}

@misc{inputfile,
author = {Meszaros, B and others},
title={{DEMO Input File}},
howpublished = "\url{http://ccfe.ac.uk/assets/Documents/Other/DEMO1_Reference_Design_-_2015_April_(_EU_2MDKFH_v1_0.txt}",
urldate = {2018-11-18}
}

@misc{nyt,
 title={{A Dream of Clean Energy at a Very High Price}},
 howpublished = {\url{https://www.nytimes.com/2017/03/27/science/fusion-power-plant-iter-france.html}},
 note = {Accessed: 2018-12-6},
 journal = {The New York Times},
 author = {Fountain, H.},
 month = march,
 year = {2017}
}

@misc{bloomberg,
 title={{World's Biggest Science Experiment Seeks More Time and Money}},
 howpublished = {\url{https://www.bloomberg.com/news/articles/2016-06-15/world-s-biggest-science-experiment-seeks-more-time-and-money}},
 note = {Accessed: 2018-12-6},
 journal = {Bloomberg Business},
 author = {Tirone, J.},
 month = june,
 year = {2016}
}

@misc{griffiths,
  title={{Introduction to electrodynamics}},
  author={Griffiths, David J},
  year={2005},
  publisher={AAPT}
}

@article{hartmann,
  title={{Development of a modular systems code to analyse the implications of physics assumptions on the design of a demonstration fusion power plant}},
  author={Hartmann, Tobias},
  year={2013}
}

@article{minervini,
  title={{Designing a tokamak fusion reactor---How does plasma physics fit in?}},
  author={Freidberg, JP and Mangiarotti, FJ and Minervini, J},
  journal={Physics of Plasmas},
  volume={22},
  number={7},
  pages={070901},
  year={2015},
  publisher={AIP Publishing}
}

@article{helios,
  title={{HELIOS: a zero-dimensional tool for next step and reactor studies}},
  author={Jean, Johner},
  journal={Fusion Science and Technology},
  volume={59},
  number={2},
  pages={308--349},
  year={2011},
  publisher={Taylor \& Francis}
}

@article{sycomore,
  title={{DEMO reactor design using the new modular system code SYCOMORE}},
  author={Reux, C{\'e}dric and Di Gallo, Luc and Imbeaux, Fr{\'e}d{\'e}ric and Artaud, J-F and Bernardi, P and Bucalossi, J{\'e}r{\^o}me and Ciraolo, Guido and others},
  journal={Nuclear Fusion},
  volume={55},
  number={7},
  pages={073011},
  year={2015},
  publisher={IOP Publishing}
}

@article{fresco,
  title={{FRESCO, a simplified code for cost analysis of fusion power plants}},
  author={Bustreo, C and Casini, G and Zollino, G and Bolzonella, T and Piovan, R},
  journal={Fusion Engineering and Design},
  volume={88},
  number={12},
  pages={3141--3151},
  year={2013},
  publisher={Elsevier}
}

@article{zohm,
  title={{On the minimum size of DEMO}},
  author={Zohm, Hartmut},
  journal={Fusion science and technology},
  volume={58},
  number={2},
  pages={613--624},
  year={2010},
  publisher={Taylor \& Francis}
}

@article{aries,
  title={{An advanced computational algorithm for systems analysis of tokamak power plants}},
  author={Dragojlovic, Zoran and Raffray, A Rene and Najmabadi, Farrokh and Kessel, Charles and Waganer, Lester and El-Guebaly, Laila and Bromberg, Leslie},
  journal={Fusion Engineering and Design},
  volume={85},
  number={2},
  pages={243--265},
  year={2010},
  publisher={Elsevier}
}

@article{plasmod,
  title={{Plasma physics for fusion reactor system codes: Framework and model code}},
  author={Fable, E and Angioni, C and Siccinio, M and Zohm, H},
  journal={Fusion Engineering and Design},
  volume={130},
  pages={131--136},
  year={2018},
  publisher={Elsevier}
}

@article{process_guide,
  title={{A user's guide to the PROCESS systems code}},
  author={Knight, PJ},
  journal={UKAEA Fusion},
  volume={2},
  number={0},
  year={1996},
  publisher={Citeseer}
}

@article{density,
  title={{Scaling of density peaking in H-mode plasmas based on a combined database of AUG and JET observations}},
  author={Angioni, C and Weisen, H and Kardaun, OJWF and Maslov, M and Zabolotsky, A and Fuchs, C and others},
  journal={Nuclear Fusion},
  volume={47},
  number={9},
  pages={1326},
  year={2007},
  publisher={IOP Publishing}
}

@article{temperature,
  title={{Models for the pedestal temperature at the edge of H-mode tokamak plasmas}},
  author={Onjun, T and Bateman, G and Kritz, AH and Hammett, G},
  journal={Physics of Plasmas},
  volume={9},
  number={12},
  pages={5018--5030},
  year={2002},
  publisher={AIP}
}

@article{pedestals,
  title={{Physics and scaling of the H-mode pedestal}},
  author={Hubbard, Amanda E},
  journal={Plasma Physics and Controlled Fusion},
  volume={42},
  number={5A},
  pages={A15},
  year={2000},
  publisher={IOP Publishing}
}

@article{greenwald,
  title={{Density limits in toroidal plasmas}},
  author={Greenwald, Martin},
  journal={Plasma Physics and Controlled Fusion},
  volume={44},
  number={8},
  pages={R27},
  year={2002},
  publisher={IOP Publishing}
}

@article{iterdb,
  title={{The 2008 public release of the international multi-tokamak confinement profile database}},
  author={Roach, CM and Walters, M and Budny, RV and Imbeaux, F and Fredian, TW and Greenwald, M and Stillerman, JA and Alexander, DA and Carlsson, J and Cary, JR and others},
  journal={Nuclear Fusion},
  volume={48},
  number={12},
  pages={125001},
  year={2008},
  publisher={IOP Publishing}
}

@article{itercd,
  title={{Plasma auxiliary heating and current drive}},
  author={Jacquinot, J and Putvinski, S and Bosia, G and Fukuyama, A and Hemsworth, R and Konovalov, S and Nevins, WM and Perkins, F and Rasumova, KA and Romanelli, F and others},
  journal={Nuclear Fusion},
  volume={39},
  number={12},
  pages={2495--2539},
  year={1999},
  publisher={Institute of Physics and IOP Publishing Limited}
}

@article{ehstkarney,
  title={{Approximate formula for radiofrequency current drive efficiency with magnetic trapping}},
  author={Ehst, DA and Karney, CFF},
  journal={Nuclear fusion},
  volume={31},
  number={10},
  pages={1933},
  year={1991},
  publisher={IOP Publishing}
}

@article{hutch,
  title={{Principles of plasma diagnostics}},
  author={Hutchinson, Ian H},
  journal={Plasma Physics and Controlled Fusion},
  volume={44},
  number={12},
  pages={2603},
  year={2002},
  publisher={IOP Publishing}
}

@article{lawson,
  title={{Some criteria for a power producing thermonuclear reactor}},
  author={Lawson, John D},
  journal={Proceedings of the Physical Society. Section B},
  volume={70},
  number={1},
  pages={6},
  year={1957},
  publisher={IOP Publishing}
}

@article{tau_iter,
  title={{Scaling of the energy confinement time with $\beta$ and collisionality approaching ITER conditions}},
  author={Cordey, JG and Thomsen, K and Chudnovskiy, A and Kardaun, OJWF and Takizuka, T and Snipes, JA and Greenwald, M and Sugiyama, L and Ryter, F and Kus, A and others},
  journal={Nuclear fusion},
  volume={45},
  number={9},
  pages={1078},
  year={2005},
  publisher={IOP Publishing}
}

@techreport{oldpaper,
  title={{ITER physics design guidelines at high aspect ratio}},
  author={Uckan, NA},
  year={1991},
  institution={Oak Ridge National Lab.}
}

@article{adx,
  title={{ADX: a high field, high power density, advanced divertor and RF tokamak}},
  author={LaBombard, B and Marmar, E and Irby, J and Terry, JL and Vieira, R and Wallace, G and Whyte, DG and Wolfe, S and Wukitch, S and Baek, S and others},
  journal={Nuclear Fusion},
  volume={55},
  number={5},
  pages={053020},
  year={2015},
  publisher={IOP Publishing}
}

@article{circuit,
  title={{Tokamak circuit}},
  author={Suzuki, Yasuo and Ninomiya, Hiromasa and Ogata, Atsushi and Kameari, Akihisa and Aikawa, Hiroshi},
  journal={Japanese Journal of Applied Physics},
  volume={16},
  number={12},
  pages={2237},
  year={1977},
  publisher={IOP Publishing}
}

@article{ac_pulses,
  title={{Alternating current tokamak reactor with long pulses}},
  author={Mitarai, Osamu and Wolfe, Sean W and Hirose, A and Skarsgard, Harvey M},
  journal={Fusion technology},
  volume={15},
  number={2P1},
  pages={204--213},
  year={1989},
  publisher={Taylor \& Francis}
}

@article{hn85,
  title={{External inductance of an axisymmetric plasma}},
  author={Hirshman, SP and Neilson, GH},
  journal={The Physics of fluids},
  volume={29},
  number={3},
  pages={790--793},
  year={1986},
  publisher={AIP}
}

@article{iter_cs,
  title={{Detailed design of the ITER central solenoid}},
  author={Libeyre, Paul and Mitchell, Neil and Bessette, Denis and Gribov, Yuri and Jong, Cornelis and Lyraud, Charles},
  journal={Fusion Engineering and Design},
  volume={84},
  number={7-11},
  pages={1188--1191},
  year={2009},
  publisher={Elsevier}
}

@article{elongation,
  title={{Tokamak elongation--how much is too much? Part 1. Theory}},
  author={Freidberg, Jeff P and Cerfon, Antoine and Lee, JP},
  journal={Journal of Plasma Physics},
  volume={81},
  number={6},
  year={2015},
  publisher={Cambridge University Press}
}

@article{blanket,
  title={{Breeding blanket modules testing in ITER: an international program on the way to DEMO}},
  author={Giancarli, L and Chuyanov, V and Abdou, M and Akiba, M and Hong, BG and L{\"a}sser, R and Pan, C and Strebkov, Y and others},
  journal={Fusion Engineering and Design},
  volume={81},
  number={1-7},
  pages={393--405},
  year={2006},
  publisher={Elsevier}
}

@article{iter_confinement,
  title={{Plasma confinement and transport}},
  author={Doyle, EJ and Houlberg, WA and Kamada, Y and Mukhovatov, V and Osborne, TH and Polevoi, A and Bateman, G and Connor, JW and Cordey, JG and Fujita, T and others},
  journal={Nuclear Fusion},
  volume={47},
  number={6},
  pages={S18},
  year={2007},
  publisher={IOP Publishing}
}

@article{process_rad,
  title={{Radiation and confinement in 0D fusion systems codes}},
  author={Lux, H and Kemp, R and Fable, E and Wenninger, R},
  journal={Plasma Physics and Controlled Fusion},
  volume={58},
  number={7},
  pages={075001},
  year={2016},
  publisher={IOP Publishing}
}

@article{giruzzi,
  title={{Modelling of pulsed and steady-state DEMO scenarios}},
  author={Giruzzi, G and Artaud, JF and Baruzzo, M and Bolzonella, T and Fable, E and Garzotti, L and Ivanova-Stanik, I and Kemp, R and King, DB and Schneider, M and others},
  journal={Nuclear Fusion},
  volume={55},
  number={7},
  pages={073002},
  year={2015},
  publisher={IOP Publishing}
}

@article{tau_stellar,
  title={{Energy confinement scaling from the international stellarator database}},
  author={Stroth, U and Murakami, M and Dory, RA and Yamada, H and Okamura, S and Sano, F and Obiki, T},
  journal={Nuclear Fusion},
  volume={36},
  number={8},
  pages={1063},
  year={1996},
  publisher={IOP Publishing}
}

@article{stellar,
  title={{Physics of the density limit in the W7-AS stellarator}},
  author={Giannone, Louis and Baldzuhn, J and Burhenn, R and Grigull, P and Stroth, U and Wagner, F and Brakel, R and Fuchs, C and Hartfuss, HJ and McCormick, K and others},
  journal={Plasma physics and controlled fusion},
  volume={42},
  number={6},
  pages={603},
  year={2000},
  publisher={IOP Publishing}
}

@article{imode,
  title={{I-mode: an H-mode energy confinement regime with L-mode particle transport in Alcator C-Mod}},
  author={Whyte, DG and Hubbard, AE and Hughes, JW and Lipschultz, B and Rice, JE and Marmar, ES and Greenwald, M and Cziegler, I and Dominguez, A and Golfinopoulos, T and others},
  journal={Nuclear Fusion},
  volume={50},
  number={10},
  pages={105005},
  year={2010},
  publisher={IOP Publishing}
}

@article{boschhale,
  title={{Improved formulas for fusion cross-sections and thermal reactivities}},
  author={Bosch, H-S and Hale, GM},
  journal={Nuclear fusion},
  volume={32},
  number={4},
  pages={611},
  year={1992},
  publisher={IOP Publishing}
}

@article{zach,
  title={{The magnetic fusion energy formulary}},
  author={Hartwig, Z and Podpaly, YA},
  year={2012},
  publisher={MIT Plasma Science and Fusion Center}
}

@techreport{nrl,
  title={{NRL plasma formulary}},
  author={Huba, Joseph D},
  year={2006},
  institution={Naval Research Lab Washington DC Plasma Physics Div}
}

@book{wesson,
  title={{Tokamaks}},
  author={Wesson, John and Campbell, David J},
  volume={149},
  year={2011},
  publisher={Oxford University Press}
}

@article{kessel_bootstrap,
  title={{Bootstrap current in a tokamak}},
  author={Kessel, CE},
  journal={Nuclear Fusion},
  volume={34},
  number={9},
  pages={1221},
  year={1994},
  publisher={IOP Publishing}
}




@article{nstx,
  title={Overview of the physics and engineering design of NSTX upgrade},
  author={Menard, JE and Gerhardt, S and Bell, M and Bialek, J and Brooks, A and Canik, John and Chrzanowski, J and Denault, M and Dudek, L and Gates, DA and others},
  journal={Nuclear Fusion},
  volume={52},
  number={8},
  pages={083015},
  year={2012},
  publisher={IOP Publishing}
}
